@BOOK{Tufte2006,
	author = {Edward R. Tufte},
	title = {Beautiful Evidence},
	year = {2006},
	publisher = {Graphics Press, {LLC}},
	month = {May},
	edition = {First},
	place = {Cheshire, Connecticut},
	isbn = {0-9613921-7-7}
}

@BOOK{Pirsig2005,
	author = {Robert M. Pirsig},
	title = {Zen and the Art of Motorcycle Maintenance},
	year = {2005},
	publisher = {Harper Perennial Modern Classics},
	place = {New York},
	isbn = {0060839872}
}