
@book{russel-norvig,
  author = "Stuart Russel and Peter Norvig 3rd Edition Ch. 13, 14, 15",
  title = "Artificial Intelligence, A Modern Approach",
},

@inproceedings{LinColorPatterns,
 author = {Lin, Sharon},
 title = {Probabilistic Color-by-Numbers: Suggesting Pattern Colorizations Using Factor Graphs},
 booktitle = {Proc. SIGGRAPH 2013},
 year = {2013},
} 

@article{DBLP:journals/tog/MerrellSLAK11,
  author    = {Paul Merrell and
    Eric Schkufza and
      Zeyang Li and
      Maneesh Agrawala and
      Vladlen Koltun},
  title     = {Interactive furniture layout using interior design guidelines},
  journal   = {ACM Trans. Graph.},
  volume    = {30},
  number    = {4},
  year      = {2011},
  pages     = {87},
  ee        = {http://doi.acm.org/10.1145/2010324.1964982},
  bibsource = {DBLP, http://dblp.uni-trier.de}
}

@article{Yeh:2012:SOW:2185520.2185552,
 author = {Yeh, Yi-Ting and Yang, Lingfeng and Watson, Matthew and Goodman, Noah D. and Hanrahan, Pat},
 title = {Synthesizing open worlds with constraints using locally annealed reversible jump MCMC},
 journal = {ACM Trans. Graph.},
 issue_date = {July 2012},
 volume = {31},
 number = {4},
 month = jul,
 year = {2012},
 issn = {0730-0301},
 pages = {56:1--56:11},
 articleno = {56},
 numpages = {11},
 url = {http://doi.acm.org/10.1145/2185520.2185552},
 doi = {10.1145/2185520.2185552},
 acmid = {2185552},
 publisher = {ACM},
 address = {New York, NY, USA},
 keywords = {constrained synthesis, factor graphs, open worlds},
} 